@book{Soppelsa:2017:NDC:3153103,
 author = {Soppelsa, Fabrizio and Kaewkasi, Chanwit},
 title = {Native Docker Clustering with Swarm},
 year = {2017},
 isbn = {1786469758, 9781786469755},
 publisher = {Packt Publishing},
} 

@article{Merkel:2014:DLL:2600239.2600241,
 author = {Merkel, Dirk},
 title = {Docker: Lightweight Linux Containers for Consistent Development and Deployment},
 journal = {Linux J.},
 issue_date = {March 2014},
 volume = {2014},
 number = {239},
 month = mar,
 year = {2014},
 issn = {1075-3583},
 articleno = {2},
 url = {http://dl.acm.org/citation.cfm?id=2600239.2600241},
 acmid = {2600241},
 publisher = {Belltown Media},
 address = {Houston, TX},
} 

@incollection{MontesiGZ14,
  author    = {Fabrizio Montesi and
               Claudio Guidi and
               Gianluigi Zavattaro},
  title     = {Service-Oriented Programming with {J}olie},
  booktitle = {Web Services Foundations},
  pages     = {81--107},
  year      = {2014},
  publisher = {Springer}
}



@inproceedings{LaneseBF13,
  author    = {Ivan Lanese and
               Luca Bedogni and
               Marco {Di Felice}},
  title     = {Internet of {T}hings: a process calculus approach},
  booktitle = {SAC},
  pages     = {1339--1346},
  year      = {2013},
  OPTeditor = {Sung Y. Shin and
               Jos{\'{e}} Carlos Maldonado},
  publisher = {{ACM}},
}

@inproceedings{GabbrielliGLZ18,
  author    = {Maurizio Gabbrielli and
               Saverio Giallorenzo and
               Ivan Lanese and
               Stefano Pio Zingaro},
  title     = {A Language-based Approach for Interoperability of {IoT} Platforms},
  booktitle = {HICSS},
  year      = {2018},
  timestamp = {Wed, 06 Jun 2018 10:44:30 +0200},
  publisher = {{AIS} Electronic Library (AISeL)}
}

@book{richardson2008restful,
  title={RESTful web services},
  author={Richardson, Leonard and Ruby, Sam},
  year={2008},
  publisher="O'Reilly Media, Inc."
}

@book{garg2013apache,
  title={Apache Kafka},
  author={Garg, Nishant},
  year={2013},
  publisher={Packt Publishing Ltd}
}

@misc{jsonld,
author = {Manu Sporny and Dave Longley and Gregg Kellogg and Markus Lanthaler and Niklas Lindstr\"om},
title = {{JSON-LD {1.1}}},
howpublished = {\url{https://json-ld.org/spec/latest/json-ld/}}
}

@article{eugster03,
  title={The many faces of publish/subscribe},
  author={Eugster, Patrick Th and Felber, Pascal A and Guerraoui, Rachid and Kermarrec, Anne-Marie},
  journal={ACM computing surveys},
  volume={35},
  number={2},
  pages={114--131},
  year={2003},
  publisher={ACM}
}

@inproceedings{fukuda15,
  title={A library to modularly control asynchronous executions},
  author={Fukuda, Hiroaki and Leger, Paul},
  booktitle={SAC},
  pages={1648--1650},
  year={2015},
  organization={ACM}
}

@inproceedings{taxdc16,
  title={TaxDC: A taxonomy of non-deterministic concurrency bugs in datacenter distributed systems},
  author={Leesatapornwongsa, Tanakorn and Lukman, Jeffrey F and Lu, Shan and Gunawi, Haryadi S},
  booktitle={ACM SIGPLAN Notices},
  volume={51},
  number={4},
  pages={517--530},
  year={2016},
  organization={ACM}
}

@inproceedings{MelisPGC17,
  author    = {Franco Callegati and
               Saverio Giallorenzo and
               Andrea Melis and
               Marco Prandini},
  title     = {Insider Threats in Emerging Mobility-as-a-Service Scenarios},
  booktitle = {{HICSS}},
  year      = {2017},
  publisher = {{AIS} Electronic Library (AISeL)},
}

@inproceedings{GabbrielliGGMM16,
  author    = {Maurizio Gabbrielli and
               Saverio Giallorenzo and
               Claudio Guidi and
               Jacopo Mauro and
               Fabrizio Montesi},
  title     = {Self-Reconfiguring Microservices},
  booktitle = {TPFM},
  pages     = {194--210},
  year      = {2016},
  volume    = {9660},
  series    = {LNCS},
  publisher = {Springer},
}

@inproceedings{hunkeler08,
  title={{MQTT-S}â€”A publish/subscribe protocol for Wireless Sensor Networks},
  author={Hunkeler, Urs and Truong, Hong Linh and Stanford-Clark, Andy},
  booktitle={{COMSWARE}},
  pages={791--798},
  year={2008},
  organization={IEEE}
}

@misc{bpel,
author = {{O}{A}{S}{I}{S}},
title = {{W}eb {S}ervices {B}usiness {P}rocess {E}xecution {L}anguage},
howpublished = {\url{http://docs.oasis-open.org/wsbpel/2.0/wsbpel-v2.0.html}}
}

@misc{ncoap,
author = {Oliver Kleine},
title = {n{CoAP}},
howpublished = {\url{https://github.com/okleine/nCoAP}}
}

@book{maurer16,
  title={Netty in Action},
  author={Maurer, Norman and Wolfthal, Marvin},
  year={2016},
  publisher={Manning Publications}
}

@inproceedings{Guidi2006,
  title={{SOCK}: a calculus for service oriented computing},
  author={Guidi, Claudio and Lucchi, Roberto and Gorrieri, Roberto and Busi, Nadia and Zavattaro, Gianluigi},
  booktitle={{ICSOC}},
  pages={327--338},
  year={2006},
  organization={Springer}
}

@article{GuidiLMZ09,
  author    = {Claudio Guidi and
               Ivan Lanese and
               Fabrizio Montesi and
               Gianluigi Zavattaro},
  title     = {Dynamic Error Handling in Service Oriented Applications},
  journal   = {Fundam. Inform.},
  volume    = {95},
  number    = {1},
  pages     = {73--102},
  year      = {2009},
}

@inproceedings{MontesiC11,
  author    = {Fabrizio Montesi and
               Marco Carbone},
  title     = {Programming Services with Correlation Sets},
  booktitle = {{ICSOC}},
  pages     = {125--141},
  year      = {2011},
  timestamp = {Sun, 04 Jun 2017 10:06:13 +0200},
  publisher = {Springer},
}

@article{montesi16,
  title={Process-aware web programming with {J}olie},
  author={Montesi, Fabrizio},
  journal={SCP},
  volume={130},
  pages={69--96},
  year={2016},
  publisher={Elsevier}
}


@TechReport{UDP,
  author={Postel, Jon},
  title={User datagram protocol},
  institution =  {IETF},
  year = 	 {1980},
  OPTkey = 	 {},
  type = 	 {RFC},
  number = 	 {768},
  OPTaddress = 	 {},
  OPTmonth = 	 {},
  OPTnote = 	 {},
  OPTannote = 	 {}
}

@phdthesis{fielding00,
  title={Architectural styles and the design of network-based software architectures},
  author={Fielding, Roy T},
  year={2000},
  school={University of California, Irvine}
}

@Article{Gojmerac16,
author="Gojmerac, Ivan
and Reichl, Peter
and Podnar {\v{Z}}arko, Ivana
and Soursos, Sergios",
title="Bridging {IoT} islands: the {symbIoTe} project",
journal="Elektrotechnik und Informationstechnik",
year="2016",
volume="133",
number="7",
pages="315--318",
}

@INPROCEEDINGS{Zhiliang11, 
author={W. Zhiliang and Y. Yi and W. Lu and W. Wei}, 
booktitle={MEC}, 
title={A {SOA} based {IoT} communication middleware}, 
year={2011}, 
pages={2555-2558}, 
publisher={IEEE}
}

@book{Erl07,
	Author = {Erl, Thomas},
	Publisher = {Prentice Hall Press},
	Title = {Soa: principles of service design},
	Year = {2007}}

@inproceedings{Schon2017,
	Address = {Cham},
	Author = {Sch{\"o}n, Eva-Maria and Winter, Dominique and Escalona, Mar{\'\i}a Jos{\'e} and Thomaschewski, J{\"o}rg},
	Booktitle = {Agile Processes in Software Engineering and Extreme Programming: 18th International Conference, XP 2017, Cologne, Germany, May 22-26, 2017, Proceedings},
	Editor = {Baumeister, Hubert and Lichter, Horst and Riebisch, Matthias},
	Pages = {37--51},
	Publisher = {Springer International Publishing},
	Title = {Key Challenges in Agile Requirements Engineering},
	Year = {2017}}

@article{montesi2016,
	Author = {Montesi, Fabrizio},
	Journal = {Science of Computer Programming},
	Pages = {69--96},
	Publisher = {Elsevier},
	Title = {Process-aware web programming with {J}olie},
	Volume = {130},
	Year = {2016}}

@article{minerva2015,
	Author = {Minerva, Roberto and Biru, Abyi and Rotondi, Domenico},
	Journal = {IEEE Internet Initiative},
	Number = {1},
	Title = {Towards a definition of the {I}nternet of {T}hings ({IoT})},
	Year = {2015}}

@article{Atzori20102787,
	Author = {Luigi Atzori and Antonio Iera and Giacomo Morabito},
	Journal = {Computer Networks},
	Keywords = {RFID systems},
	Number = {15},
	Pages = {2787 - 2805},
	Title = {The {I}nternet of {T}hings: A survey},
	Volume = {54},
	Year = {2010},
  }

@article{7123563,
	Author = {A. Al-Fuqaha and M. Guizani and M. Mohammadi and M. Aledhari and M. Ayyash},
	Journal = {IEEE Communications Surveys Tutorials},
	Keywords = {Internet of Things;mobile communication;protocols;radiofrequency identification;Internet of Things;Internet protocols;M2M technologies;RFID;big data analytics;cloud computing;communication technologies;fog computing;intelligent decision making;machine-to-machine;smart sensors;Computer architecture;Intelligent sensors;Internet of things;Mobile communication;Radiofrequency identification;AMQP;CoAP;DDS;Internet of Things (IoT);Internet of things;IoT;IoT Gateway;IoT gateway;MQTT;XMPP;mDNS},
	Number = {4},
	Pages = {2347-2376},
	Title = {Internet of {T}hings: {A} Survey on Enabling Technologies, Protocols, and Applications},
	Volume = {17},
	Year = {2015},
  }

@inproceedings{PerezdeAlmeida13,
	Acmid = {2497588},
	Address = {New York, NY, USA},
	Author = {Perez de Almeida, Ricardo Aparecido and Blackstock, Michael and Lea, Rodger and Calderon, Roberto and do Prado, Antonio Francisco and Guardia, Helio Crestana},
	Booktitle = {Proceedings of the 2013 ACM Conference on Pervasive and Ubiquitous Computing Adjunct Publication},
	Keywords = {internet of things, pervasive computing, web of things},
	Location = {Zurich, Switzerland},
	Pages = {1545--1554},
	Publisher = {ACM},
	Series = {UbiComp '13 Adjunct},
	Title = {Thing Broker: A Twitter for Things},
	Year = {2013},
  }

@article{MONTESI200719,
	Author = {Fabrizio Montesi and Claudio Guidi and Roberto Lucchi and Gianluigi Zavattaro},
	Journal = {ENTCS},
	Keywords = {engine},
	Pages = {19 - 33},
	Title = {{JOLIE}: a {J}ava {O}rchestration {L}anguage {I}nterpreter {E}ngine},
	Volume = {181},
	Year = {2007},
}

@inproceedings{MGZ07,
	Author = {Fabrizio Montesi and Claudio Guidi and Gianluigi Zavattaro},
	Booktitle = {ECOWS},
	Optmonth = {Nov},
	Pages = {13-22},
	Publisher = {{IEEE}},
	Title = {Composing Services with {JOLIE}},
	Year = {2007},
  }

@article{7263375,
	Author = {A. Al-Fuqaha and A. Khreishah and M. Guizani and A. Rayes and M. Mohammadi},
	Journal = {IEEE Communications Magazine},
	Keywords = {Internet of Things;internetworking;protocols;quality of service;AMQP protocol;CoAP protocol;DDS protocol;Internet of Things communication;IoT protocol fragmentation issue;IoT service horizontal integration;MQTT protocol;QoS;REST protocol;XMPP protocol;machine-to-machine communication;machine-to-server communication;rule-based intelligent gateway;server-to-server communication;IP networks;Logic gates;Performance evaluation;Protocols;Quality of service;Real-time systems;Wireless sensor networks},
	Month = {September},
	Number = {9},
	Pages = {72-79},
	Title = {Toward better horizontal integration among {IoT} services},
	Volume = {53},
	Year = {2015},
  }

@misc{jolie-lang,
  Howpublished = {\url{http://jolie-lang.org}},
  Title = {{J}olie website},
  Year = {2017}}

  @misc{jiot,
	Author = {Maurizio Gabbrielli and Saverio Giallorenzo and Ivan Lanese and Stefano Pio Zingaro},
	Howpublished = {\url{http://www.cs.unibo.it/projects/jolie/jiot.html}},
	Title = {{Jolie} for {IoT} website},
	Year = {2017}}

@misc{req-rep,
	Author = {W3C},
	Howpublished = {\url{https://www.w3.org/2000/xp/Group/1/10/11/2001-10-11-SRR-Transport_MEP}},
	Title = {Transport Message Exchange Pattern: Single-Request-Response},
	Year = {2001}
}

@misc{mqtt,
	Author = {{MQTT community}},
	Howpublished = {\url{http://mqtt.org}},
	Title = {{MQTT} website},
	Year = {2014}}

@misc{coap,
	Author = {Carsten Bormann},
	Howpublished = {\url{http://coap.technology/}},
	Title = {{CoAP} website},
	Year = {2016}}

@article{doi:10.1155/2014/158252,
	Author = {\'Angel Asensio and {\'A}lvaro Marco and Rub\'en Blasco and Roberto Casas},
	Journal = {International Journal of Distributed Sensor Networks},
	Number = {4},
	Pages = {158-252},
	Title = {Protocol and Architecture to Bring Things into Internet of Things},
	Volume = {10},
	Year = {2014},
  }

@techreport{doi:10.17487/RFC7252,
	Author = {Z. Shelby and K. Hartke and C. Bormann},
	Howpublished = {http://www.rfc-editor.org/info/rfc7252},
	Institution = {IETF},
	Number = {7252},
	Title = {The {C}onstrained {A}pplication {P}rotocol ({CoAP})},
	Type = {RFC},
	Year = {2014},
  }

@techreport{mqtt-v3.1.1,
	Author = {Andrew Banks and Rahul Gupta},
	Institution = {Oasis},
	Note = {Available at \url{http://docs.oasis-open.org/mqtt/mqtt/v3.1.1/os/}},
	Title = {{MQTT} {V}ersion 3.1.1},
	Type = {{O}asis standard},
	Year = {2014}}

@book{newman2015building,
	Author = {Newman, Sam},
	Publisher = {"O'Reilly Media, Inc."},
	Title = {Building Microservices},
	Year = {2015}}

@article{GubbiBMP13,
  author    = {Jayavardhana Gubbi and
               Rajkumar Buyya and
               Slaven Marusic and
               Marimuthu Palaniswami},
  title     = {Internet of {T}hings ({IoT}): {A} vision, architectural elements, and
               future directions},
  journal   = {Future Generation Comp. Syst.},
  volume    = {29},
  number    = {7},
  pages     = {1645--1660},
  year      = {2013},
}

@Misc{biotope,
  key = 	 {bIoTope},
  OPTauthor = 	 {},
  title = 	 {The b{IoT}ope Project},
  howpublished = {\url{http://www.biotope-project.eu/}},
  OPTmonth = 	 {},
  year = 	 {2017},
  OPTnote = 	 {},
  OPTannote = 	 {}
}

@article{Milenkovic:2015:CII:2843962.2822643,
 author = {Milenkovic, Milan},
 title = {A Case for Interoperable {IoT} Sensor Data and Meta-data Formats: {T}he {I}nternet of {T}hings ({U}biquity Symposium)},
 journal = {Ubiquity},
 issue_date = {November 2015},
 year = {2015},
 pages = {2:1--2:7},
 articleno = {2},
 numpages = {7},
 acmid = {2822643},
 publisher = {ACM},
 address = {New York, NY, USA},
}

@INPROCEEDINGS{7811451, 
author={A. B. Sulaeman and F. A. Ekadiyanto and R. F. Sari}, 
booktitle={APWiMob}, 
title={Performance evaluation of {HTTP}-{CoAP} proxy for wireless sensor and actuator networks}, 
year={2016}, 
pages={68-73},
publisher={IEEE},
}

@Article{s150101217,
AUTHOR = {Ludovici, Alessandro and Calveras, Anna},
TITLE = {A Proxy Design to Leverage the Interconnection of {CoAP} Wireless Sensor Networks with Web Applications},
JOURNAL = {Sensors},
VOLUME = {15},
YEAR = {2015},
NUMBER = {1},
PAGES = {1217--1244},
}

@INPROCEEDINGS{7037719, 
author={E. Mingozzi and G. Tanganelli and C. Vallati}, 
booktitle={CloudCom}, 
title={{CoAP} Proxy Virtualization for the {W}eb of {T}hings}, 
year={2014}, 
pages={577-582},
publisher = {{IEEE} Computer Society},
}

@INPROCEEDINGS{6827678, 
author={D. Thangavel and X. Ma and A. Valera and H. X. Tan and C. K. Y. Tan}, 
booktitle={ISSNIP}, 
title={Performance evaluation of {MQTT} and {CoAP} via a common middleware}, 
year={2014}, 
pages={1-6}, 
publisher = {{IEEE}},
}

@INPROCEEDINGS{7471373, 
author={M. Ganzha and M. Paprzycki and W. Pawlowski and P. Szmeja and K. Wasielewska}, 
booktitle={IoTDI}, 
title={Semantic Technologies for the {IoT} - An Inter-{IoT} Perspective}, 
year={2016}, 
pages={271-276},
publisher = {{IEEE}},
}
 
@INPROCEEDINGS{Soursos16, 
author={S. Soursos and I. P. Å½arko and P. Zwickl and I. Gojmerac and G. Bianchi and G. Carrozzo}, 
booktitle={EuCNC}, 
title={Towards the cross-domain interoperability of {IoT} platforms}, 
year={2016}, 
pages={398-402}, 
publisher = {{IEEE}},
}
 
@Misc{SensorML,
  OPTauthor =    {},
  title =    {The Sensor{ML} Project},
  howpublished = {\url{http://www.opengeospatial.org}},
  OPTmonth =     {},
  year =     {2017},
  OPTnote =      {},
  OPTannote =    {}
}

@Misc{EplicseIoT,
  key =      {eplicseIoT},
  OPTauthor =    {},
  title =    {The {Eclipse} for {IoT} {Project}},
  howpublished = {\url{https://iot.eclipse.org/}},
  OPTmonth =     {},
  year =     {2017},
  OPTnote =      {},
  OPTannote =    {}
}

@Misc{w3c17,
  key =      {w3c17},
  OPTauthor =    {W3C},
  title =    {Web of {T}hings},
  howpublished = {\url{https://www.w3.org/WoT/}},
  OPTmonth =     {March},
  year =     {2017},
  OPTnote =      {Online},
  OPTannote =    {}
}

@Misc{wot.arch,
  key =      {wot.arch},
  OPTauthor =    {W3C},
  title =    {Web of {T}hings Architecture},
  howpublished = {\url{https://w3c.github.io/wot/architecture/wot-architecture.html}},
  OPTmonth =     {March},
  year =     {2017},
  OPTnote =      {Online},
  OPTannote =    {}
}

@Misc{60,
  key =      {SmartThings},
  OPTauthor =    {SmartThings, Inc.},
  title =    {Smart{T}hings},
  howpublished = {\url{http://www.smartthings.com/}},
  OPTmonth =     {August},
  year =     {2016},
  OPTnote =      {Online},
  OPTannote =    {}
}

@Misc{61,
  key =      {Meshlium},
  OPTauthor =    {Libelium Comunicaciones Distribuidas S.L.},
  title =    {Meshlium},
  howpublished = {\url{http://www.libelium.com/products/meshlium/}},
  OPTmonth =     {August},
  year =     {2016},
  OPTnote =      {Online},
  OPTannote =    {}
}

@Misc{62,
  key =      {Thinking Things},
  OPTauthor =    {Telefonica Research and Innovation},
  title =    {Thinking Things},
  howpublished = {\url{http://www.thinkingthings.telefonica.com/}},
  OPTmonth =     {August},
  year =     {2016},
  OPTnote =      {Online},
  OPTannote =    {}
}

@article{dominique2011web,
  title={A web of things application architecture-Integrating the real-world into the web},
  author={Dominique, Guinard},
  journal={Zurich, Diss. ETH},
  number={19891},
  pages={10--12},
  year={2011}
}

@article{corredor2014lightweight,
  title={A lightweight Web of Things open platform to facilitate context data management and personalized healthcare services creation},
  author={Corredor, Iv{\'a}n and Metola, Eduardo and Bernardos, Ana M and Tarr{\'\i}o, Paula and Casar, Jos{\'e} R},
  journal={{IJERPH}},
  volume={11},
  number={5},
  pages={4676--4713},
  year={2014},
  publisher={Multidisciplinary Digital Publishing Institute}
}
